2702 4738
230 353 291 462 84
468 275 1077 430 'percurrero
1215 308 1219 316 ’

214 489 290 574 *nia
306 495 531 580 defluentem,
552 493 619 569 alia
636 493 826 580 Antiochia,
843 495 881 569 ὅτ
900 492 1104 589 Mopsuestia,
1131 493 1170 568 81
1186 494 1338 583 Adana,

154 665 157 672 .
233 620 297 672 nec
315 594 436 693 procul
455 593 535 676 inde
552 595 750 668 Anazarbus
773 615 919 680 semota,
946 617 1028 693 quae
1052 597 1156 692 etiam
1175 595 1349 684 Caesarea-

234 696 485 792 cognominata
504 692 580 766 suit.
633 694 729 767 Inter
757 695 948 786 Pyramum
973 694 1010 768 δι
1030 693 1192 766 Amanum
1219 717 1335 766 mon·

236 811 321 874 tem,
349 794 440 865 latus
459 792 593 864 Ciliciae
610 793 655 866 ab
671 814 750 867 ortu
764 793 999 878 claudentem,
1026 793 1085 864 Alc
1102 791 1172 866 srve
1191 792 1279 874 Ala,
1312 815 1335 864 a

235 915 310 990 quo
326 891 460 990 oppido
475 892 560 963 Alcii
573 895 678 982 campi
696 891 937 988 appellantur:
965 889 1148 984 Castabola,
1176 891 1213 962 ὅτ
1242 893 1334 984 Epi-

148 1031 151 1037 *
231 990 440 1085 plucimae
466 1013 574 1086 prope
601 987 740 1063 Issicum
764 983 876 1064 smum
900 989 1078 1083 Nicopolis,
1106 989 1333 1072 Straboni&

187 1089 189 1098 ’
236 1088 434 1164 Ptolemaeo
452 1089 603 1171 laudata,
630 1112 718 1185 opus
738 1107 776 1161 ut
794 1089 943 1165 videtur.
975 1088 1228 1168 Macedonum.
1286 1089 1333 1160 In

151 1237 165 1244 -·
236 1189 311 1286 ipso
330 1191 471 1260 Amano
487 1188 627 1271 Erucio,
656 1207 761 1283 caput
778 1188 919 1268 montis,
941 1189 1023 1258 item
1041 1190 1158 1279 Sepyra
1177 1187 1212 1258 δε
1230 1187 1333 1258 Com-

114 1353 121 1362 ,
237 1289 333 1359 moris
350 1285 488 1359 castallo
506 1309 526 1358 a
543 1284 710 1358 Cicerone
728 1305 842 1380 capta,
871 1285 908 1356 ὅτ
926 1285 970 1356 ad
988 1285 1137 1356 eundem
1164 1305 1333 1358 montem

236 1383 527 1469 Eleutherociliccs,
553 1386 650 1456 omni
679 1383 846 1456 memoria
868 1382 916 1455 sui
936 1380 1022 1479 juris
1040 1384 1204 1480 populus,
1232 1407 1336 1484 quod

235 1505 315 1557 rum
344 1485 516 1581 oppidum
536 1481 747 1580 Pindcnifflcm
761 1483 910 1580 operosa·
919 1480 1094 1554 obsidione
1121 1481 1246 1574 Cicero
1264 1505 1332 1554 ex·

236 1588 426 1754 Plg⁰3v53
442 1581 503 1752 d&
517 1581 712 1753 Tilaraopp,
738 1581 870 1698 uicinos
898 1581 1024 1656 horum
1045 1576 1195 1676 ejusdem
1216 1583 1332 1654 auda·

237 1705 317 1766 crae,
345 1707 377 1752 rn
423 1701 609 1752 emonem
632 1706 664 1751 re
692 1708 708 1752 e
739 1702 775 1754 rt.

287 1779 364 1870 CA
380 1707 824 1864 PPADOCIAilaxo
854 1779 1016 1854 vocabuli
1048 1777 1122 1864 usu,
1151 1779 1339 1878 quidquid

239 1875 400 1952 aCilicia
416 1877 458 1950 ad
478 1881 630 1950 Pontum
652 1878 831 1951 Euxinum
861 1881 948 1952 inter
971 1880 1094 1971 Halyn
1118 1881 1261 1952 amnem
1283 1881 1333 1954 ’δι

237 1979 447 2050 Armeniam
466 1979 754 2073 comprehensum
773 1977 834 2063 est,
869 1978 1087 2076 significavit.
1141 1984 1267 2076 Atque
1287 1979 1335 2050 src

238 2075 406 2148 dividitur
430 2075 464 2148 in
488 2077 723 2170 Cappadociam
751 2081 914 2172 Magnam
941 2075 1009 2150 srve
1026 2079 1215 2174 Propriam,
1245 2101 1335 2172 quae

212 2175 475 2268 xmeridionalis
506 2176 574 2246 est:
616 2177 653 2248 δε
687 2181 721 2249 in
752 2177 987 2272 Cappadociam
1028 2178 1207 2263 Ponticam,
1246 2199 1335 2272 quae

85 2283 94 2294 '
238 2273 525 2368 septentrionalis,
553 2274 590 2344 ὅτ
610 2275 807 2370 simpliciter
821 2276 944 2348 Pontus
958 2275 1188 2372 appellatur„
1217 2277 1254 2346 N
1262 2297 1334 2350 unc

238 2370 395 2442 distinue
409 2375 450 2442 dc
470 2371 615 2466 Propria
631 2373 700 2444 srve
714 2374 849 2467 Magna
866 2393 1036 2469 agemus:
1054 2393 1058 2398 ’
1240 2444 1246 2450 .

289 2468 1334 2559 Prona-rmCaeenuocrminterTourum&Aati·

238 2557 370 2637 laurum
387 2559 439 2640 ess
458 2567 487 2638 C
498 2595 520 2640 n
532 2593 556 2640 τ
572 2592 662 2639 nou
675 2594 686 2639 1
699 2595 739 2653 n,
767 2569 900 2640 Ciliciae
918 2570 1046 2655 vicina,
1074 2569 1172 2666 cujus
1196 2563 1336 2665 oppida

238 2663 380 2737 fuerunt
399 2667 539 2764 Qolislsa
553 2667 788 2740 Ciceronianis
806 2667 920 2739 castris
936 2667 1026 2738 clara
1038 2659 1196 2761 z'Tynna,
1214 2669 1334 2762 ‘siral-

238 2763 289 2845 lis‚
319 2767 539 2862 Mopsucrcne,
567 2765 675 2850 idest,
697 2769 790 2840 Fons
810 2766 925 2862 Mopsi
942 2798 951 2850 ;
980 2768 1120 2840 Comana
1138 2765 1337 2862 Cappado-

239 2867 306 2935 ciae
321 2863 402 2936 sano
415 2867 451 2938 &
466 2867 653 2939 sacerdotio
670 2865 822 2950 illustris,
838 2870 879 2938 ad
894 2869 1009 2937 Sarum
1024 2867 1185 2948 sluvium,
1198 2866 1282 2936 inde
1299 2869 1336 2938 in

173 2969 175 2980 '
239 2963 400 3038 Ciliciam
414 2966 651 3038 decurrentem
665 2966 879 3062 perCocuson.
903 2967 1020 3038 Etiam
1032 2957 1256 3056 Claudiopolim
1268 2964 1337 3036 ali·

122 3127 129 3132 .
229 3055 347 3156 'quam
366 3064 446 3134 lruic
463 3065 672 3136 Ptolemaeus
693 3067 913 3139 memoravit.
943 3065 1053 3159 Supra
1070 3061 1207 3134 Cataon
1222 3086 1281 3134 ans
1301 3066 1337 3136 in

100 3252 105 3261 .
156 3205 164 3213 ,
240 3157 432 3252 Lycaoniae
446 3160 548 3233 latere
560 3163 767 3256 Trnusrrs
783 3164 890 3257 regio,
906 3160 938 3230 T
929 3185 1018 3252 yona
1033 3161 1248 3256 metropolis,
1272 3185 1339 3255 pa·

240 3261 304 3330 tria
319 3254 440 3330 famosi
462 3260 659 3354 Apollonii,
686 3258 785 3356 cujus
800 3259 1036 3332 *Philostratus
1054 3261 1164 3330 vitam
1185 3259 1334 3353 scripsit.

177 3415 180 3422 .
240 3355 410 3450 Obscurae
448 3378 596 3444 caterae,
636 3362 684 3430 'rit‘
707 3361 824 3442 Bazis,
852 3359 953 3450 Siai.
1006 3357 1163 3454 Attingit
1193 3357 1341 3451 Argaous

242 3480 359 3541 mons,
381 3452 486 3551 juxta
509 3482 613 3553 quem
642 3461 801 3543 Mazaca,
829 3478 927 3529 vetus
947 3458 1041 3553 regia
1058 3456 1339 3552 Cappadocum,

242 3554 321 3648 post
338 3579 355 3624 a
371 3555 516 3632 Tiberio
541 3557 697 3649 Casama.
711 3555 802 3628 diua
833 3579 916 3628 cum
947 3557 1158 3652 cognomine
1187 3555 1266 3646 mpla
1280 3607 1282 3614 ·
1296 3559 1342 3651 τῷ

240 3653 402 3748 Ἀργαῖῳς
432 3677 493 3724 nec
522 3652 824 3748 procul‘absuere,
853 3653 1039 3738 Macellum,
1068 3655 1103 3726 δε
1121 3653 1266 3744 Campa,
1299 3656 1342 3729 δι

66 3771 71 3778 “
121 3840 133 3844 -
242 3744 473 3836 Nazian'zum
501 3753 570 3824 alio
603 3774 682 3825 aevo
712 3776 756 3824 ex
785 3752 937 3850 episcopi
963 3751 1013 3825 sui
1043 3752 1137 3824 sama
1157 3753 1343 3826 nobilius.

243 3849 327 3923 Post
345 3869 500 3925 montem
518 3851 563 3922 ab
582 3851 919 3939 occasusoliann
936 3877 950 3924 s
966 3879 989 3925 n
1006 3877 1065 3923 un
1082 3855 1134 3922 in
1155 3853 1279 3944 regio,
1302 3854 1347 3926 in

242 3973 315 4048 qua
331 3945 497 4026 Archelais
512 3971 618 4048 caput
639 3949 716 4036 suit,
735 3976 843 4048 quam
863 3952 977 4043 Halys
996 3949 1266 4046 praeterfluebat‚
1291 3954 1345 4024 ab

244 4052 422 4124 Archelao
447 4075 527 4144 rege
553 4052 707 4138 condita,
734 4051 810 4147 post
837 4049 976 4124 Claudii
995 4047 1139 4120 Caesaris
1164 4048 1314 4122 colonia
1331 4043 1349 4123 :¹

143 4182 148 4187 ·
243 4151 348 4219 etiam
370 4151 580 4242 Diocafaroa,
608 4149 800 4236 Salaminia,
829 4151 865 4222 δι
887 4148 982 4222 Nora
999 4147 1164 4233 castollum,
1193 4146 1227 4214 in
1257 4170 1346 4244 quo

198 4267 207 4278 ¹
244 4239 421 4318 Eumenes
446 4249 616 4345 Antigoni
630 4247 858 4324 ‘obsidionem
874 4248 1061 4321 coloravit.
1113 4246 1174 4320 Ad
1201 4245 1347 4320 Arme·

103 4412 110 4424 ,
142 4398 146 4404 .
244 4342 313 4415 niae
326 4342 474 4418 minoris
488 4346 681 4427 confinium
696 4338 790 4442 Nlla
809 4347 878 4436 sive
895 4346 999 4442 Nyso,
1027 4369 1047 4419 a
1070 4369 1140 4443 qua
1155 4345 1346 4514 Gggorio

154 4447 157 4458 “
298 4455 301 4461 “
1229 4443 1350 4521 iffeno

927 4565 952 4590 ,μ
1086 4572 1089 4577 -

1193 4593 1197 4600 ,

784 4609 790 4618 -
874 4619 907 4644 x,
1125 4592 1132 4640 Ι

1031 4654 1036 4662 .
