2702 4738
21 3595 23 3670 t

20 3731 24 3842 l

20 3859 23 3972 l

19 3975 21 4016 l

68 313 70 316 ·
160 218 954 402 oraverunt-oua
1064 285 1125 400 73'

57 430 290 526 &Bithyniam
318 453 401 504 cum
426 427 666 528 Paphlagonia
694 429 731 503 in
760 429 915 505 citeriore
941 430 1007 507 hae
1036 435 1122 509 nna

32 598 33 601 ,
57 531 300 625 ssplieabimun
406 570 408 580 =

95 627 387 706 BITHYNIA
407 627 560 701 Pontum
577 643 724 722 arergm
751 625 968 724 Bosphorum
984 629 1031 704 ob
1056 637 1124 706 oe·'
1149 613 1155 644 ’

57 725 133 810 talu,
157 727 338 798 ameridie
352 727 543 824 Phrygiam
560 726 599 798 uc
618 723 783 820 Mysiam,
812 725 856 795 ab
871 743 951 796 ortu
968 725 1120 825 Paphla·
1202 805 1216 826 ¹,

56 825 181 926 goniam
210 823 343 897 habuit.
398 827 451 898 Ut
475 847 560 896 vero
578 826 653 898 haec
667 825 781 921 prima
800 822 834 894 in
853 823 958 895 latere
974 825 1122 902 Pontico

55 921 218 1013 provincia
230 919 293 1006 est,
316 924 367 995 ita
395 924 579 996 maritimae
595 918 667 1018 ejus
690 924 848 996 civitates
864 917 1007 995 fuerunt
1025 924 1123 1005 caas-

55 1017 131 1090 calm
146 1021 340 1106 (xasanlah)
369 1021 413 1094 ad
445 1021 634 1094 Thraciam
667 1019 883 1116 Bosphorum
910 1043 953 1094 ex
980 1022 1125 1097 adverso

55 1113 212 1208 Byzantii,
237 1139 321 1192 nota
342 1138 463 1192 contra
492 1119 694 1213 Eutychem
711 1118 987 1192 Christianorum
1004 1122 1125 1194 conci·

55 1211 112 1298 lior
137 1218 192 1287 cui
209 1216 402 1312 Chrysopolis
427 1218 566 1289 vicina:
594 1206 724 1308 Astacas
740 1217 783 1288 ad
802 1215 915 1290 linum
934 1219 1124 1315 Proponti-

56 1309 114 1384 dis:
138 1312 450 1412 Nicomedia'prope
464 1315 554 1385 finus
570 1316 838 1402 extremitatem,
857 1334 966 1412 caput
978 1317 1123 1413 provin·

56 1409 124 1481 ria:
143 1413 267 1506 Prusas
279 1412 323 1484 ad
340 1412 568 1485 Astracenum
583 1411 641 1506 uel
659 1414 860 1507 proximum
874 1412 985 1488 finum
1004 1415 1122 1508 :Apa-
1278 1445 1282 1456 ·

56 1528 110 1577 utta
132 1508 351 1605 post-iilum,
378 1511 423 1582 ab
440 1533 548 1582 uxore
573 1509 703 1582 Prusrae
721 1509 911 1606 appellata:
938 1511 1124 1604 Dassylittrs

56 1601 110 1680 lue
120 1607 283 1703 Dascylos,
310 1609 347 1680 Bt
364 1603 475 1682 a'mnit
488 1606 696 1702 Rhyndacus,
722 1607 898 1706 Bithyniae
911 1610 954 1682 ad
968 1609 1122 1702 Mysiam
1252 1678 1255 1684 .

55 1698 147 1778 limes.
198 1708 243 1778 ln
257 1705 519 1780 Ponticolatere
535 1710 648 1804 prima
660 1705 739 1780 sunt
753 1703 838 1780 ostia
851 1707 971 1803 calpa
983 1708 1023 1781 Bt
1038 1717 1125 1808 pot-j

30 1855 32 1860 .
57 1816 99 1871 tut
122 1805 161 1877 ad
191 1805 269 1878 iila:
296 1809 448 1901 Sangarii
468 1807 507 1878 Bt
529 1808 628 1902 Hypii
642 1803 752 1888 ostia,
778 1805 883 1901 Lycus
899 1809 1025 1894 amnis,
1051 1807 1147 1878 Ha·.

57 1900 142 1973 ratleo
173 1903 435 1998 Megarensium
465 1905 622 1976 colonia:
663 1903 771 1997 Psylla
796 1905 1011 1999 emporium,
1046 1897 1124 1974 Tios

58 2000 174 2091 (Timr)
200 2001 273 2073 five
295 2001 403 2084 Tium,
432 1999 650 2074 Milesrorum
668 2001 825 2071 colonia:
851 2001 947 2072 Billis
963 2002 1033 2071 five
1047 1999 1123 2074 Bil·
1214 2001 1218 2024 ¹

58 2095 114 2169 lats
125 2099 267 2184 fluvius,
292 2099 331 2172 Bt
344 2099 430 2171 alius
448 2095 648 2168 Parthenius
660 2098 828 2168 terminus
845 2095 1032 2190 Bithyniae.

79 2193 356 2291 ,Mediterranea
381 2183 487 2294 partis
517 2195 552 2267 in
582 2193 655 2265 srnu
674 2190 834 2268 Ascaniae
851 2188 990 2292 paludis
1006 2191 1124 2267 Maca
1231 2215 1234 2224 ·

59 2287 120 2379 luit,
144 2295 195 2369 sed
218 2295 406 2382 obscurio,
432 2317 514 2392 quae
529 2294 622 2392 prius
641 2292 741 2366 olbia
759 2311 857 2368 erat:
884 2290 962 2388 post
985 2293 1125 2389 Antigo-

58 2394 118 2475 rt'ai
141 2393 388 2490 aLyfimacho
404 2417 543 2467 veroex
562 2395 679 2466 uxoris
701 2394 842 2467 nornine
868 2391 985 2466 Nicea
1002 2391 1130 2490 appel·
1197 2409 1202 2430 '

58 2486 124 2576 lata,
145 2493 286 2588 ,Nicena
314 2492 445 2590 synodo
468 2493 661 2590 clarissima,
702 2492 806 2567 hodie
833 2489 966 2588 Isnicb:
1001 2489 1125 2589 Is‘biffir

59 2583 252 2666 Hannibalis
273 2588 348 2664 fato
372 2591 574 2664 nobilitata:
599 2592 745 2680 Casama
772 2591 861 2664 inter
884 2592 1124 2680 Rhyndacum

58 2683 315 2784 &Apameamt
343 2689 451 2776 Prusa
477 2687 520 2759 ad
552 2687 699 2757 Bovium
725 2683 890 2780 Hypium
907 2687 1126 2758 :astantum

57 2785 133 2878 (post
148 2784 361 2880 Claudiopolis
384 2786 421 2856 Bt
439 2783 620 2868 Hadriani)
639 2782 748 2875 patria
763 2783 926 2865 Antinoi,
952 2783 1041 2855 inter
1058 2783 1125 2856 flu·

58 2901 123 2954 rnen
150 2886 358 2980 Sangarium
390 2882 428 2953 ur
462 2881 702 2952 Parthenium.
752 2876 918 2972 Jalipolis,
945 2880 1127 2949 anteGor-

57 2976 185 3068 lisama,
214 2983 253 3056 ar
268 2979 541 3054 Gordiutichos&
560 2973 756 3074 Agripptrrsts
772 2976 917 3051 civitas:
944 2973 1001 3048 sed
1018 2975 1127 3048 Crisia

58 3073 167 3177 ¹(vulgo
191 3083 330 3168 Crasso)
357 3080 432 3176 post
458 3076 651 3171 Flaviopolis
668 3074 840 3172 appellata
860 3073 938 3150 [uit.
990 3076 1125 3148 Germa-

56 3177 197 3272 nicopolis,
225 3181 346 3277 Helgas
364 3179 515 3254 barbaro·
534 3178 688 3263 nomine,
715 3173 789 3290 aliis¹
803 3175 838 3249 in
856 3173 1031 3286 Bithynia
1049 3173 1126 3246 fini·
1259 3251 1263 3260 .

56 3267 128 3357 bus:
156 3279 230 3350 aliis
248 3279 282 3350 in
300 3277 437 3347 Isauriae
453 3275 512 3347 est.
937 3359 940 3363 Α
1099 3311 1104 3318 ·

95 3371 477 3463 PAPHLAGON
489 3373 551 3447 lA
579 3372 658 3445 inde
681 3373 716 3444 in
736 3370 840 3442 Ponti
857 3367 988 3440 Euxini
1011 3368 1111 3444 litore

56 3467 90 3553 ad
108 3470 226 3566 Halyn
245 3495 384 3556 amnem
400 3468 798 3570 pertingens,ameridie
813 3467 1020 3540 Galatarum
1038 3488 1126 3566 gen·
1268 3488 1273 3500 ¹

56 3581 115 3656 tem
132 3568 263 3642 hahuit.
315 3569 520 3668 Primapost
532 3569 758 3642 Parthenium
774 3577 912 3638 anr‘nem
927 3565 1010 3638 urbs
1024 3569 1143 3638 Ama--
1223 3635 1226 3642 Δ
1273 3637 1277 3661 ,

21 3673 23 3722 t
50 3662 115 3749 stris
138 3691 218 3748 cum
236 3686 364 3764 portu,
390 3668 435 3739 ab
454 3667 737 3740 Heracleensrum
755 3666 894 3760 tyranni
911 3686 1031 3749 uxore,
1056 3661 1130 3737 fra*
1219 3705 1230 3742 ι

55 3765 106 3836 tris
127 3765 222 3838 Darii
240 3768 464 3856 Codomanni
481 3767 564 3849 filia,
592 3787 719 3846 nomen
735 3765 859 3836 nal'ta:
887 3761 1030 3854 Sesamus
1047 3783 1127 3832 mu-

54 3861 127 3946 nita,
152 3863 358 3938 Cromnos&
374 3864 522 3957 Cytorum
538 3864 657 3935 itidem
676 3882 778 3960 portu
797 3857 1131 3932 instruliumr‘inde
1166 3921 1168 3928 t
1201 3887 1207 3896 ·

54 3957 207 4045 Corambis
235 3965 278 4036 ad
309 3963 605 4062 promontorium,
633 3961 669 4032 Bt
700 3961 806 4032 Alani
831 3959 958 4030 Mania
994 3960 1130 4046 (Atta
1176 3985 1178 3998 ·

54 4059 179 4155 migma)
206 4061 274 4134 aiio
302 4059 431 4145 saeoulo
445 4058 604 4154 'Ionopolis
621 4059 737 4129 ditia:
764 4056 891 4130 Cimolis
905 4055 1129 4150 emporiumr

52 4152 201 4248 Stephana
230 4185 311 4238 curn
340 4176 419 4234 tuto
449 4176 574 4254 portu:
601 4155 703 4250 Lepte
725 4153 1034 4252 promontorium:
1061 4154 1130 4226 Ar·
1180 4227 1183 4232 ,

54 4269 128 4328 arra
143 4260 328 4354 oppidum,
356 4258 434 4331 finis
445 4255 710 4355 Paphlagoniae.
763 4253 1024 4347 liutprando)
1049 4277 1131 4325 om·
1165 4247 1169 4256 “
1247 4337 1250 4348 ¹

54 4347 145 4440 lium
161 4354 283 4447 in-hao
305 4357 589 4458 ora-nobilissima
615 4353 711 4446 urbs,
737 4350 958 4436 Milesiorum
981 4349 1131 4434 colonia,
1255 4412 1263 4445 ,

996 4577 999 4586 ,
1056 4447 1134 4551 ¹³⁰st
1193 4560 1197 4568 ,
