2702 4738
201 327 254 410 92
350 333 355 336 -
388 288 1036 376 ousexrrrro

184 429 330 533 samua,
353 462 446 519 trans
471 443 664 537 Jordanem
688 441 869 516 orientales
895 461 1020 540 parter,
1059 457 1120 516 aut
1147 441 1330 542 aquilo·

144 565 149 572 ·
187 551 295 630 uules,
323 542 466 640 adjungi
490 541 690 640 postulant:
718 540 1081 616 &Idumaeuachilr
1058 543 1219 640 lrslaea,q
1223 565 1288 614 ua·

187 667 267 718 rum
294 643 354 716 illu
377 641 556 716 australior
577 641 705 734 judaea
728 638 788 728 est,
818 642 892 716 haec
909 641 954 714 ab
970 641 1091 716 occasu
1109 568 1219 714 streq
1198 640 1301 724 mari·

188 741 449 838 aposita·
1347 821 1348 824 Ἴ

210 766 440 938 PAntequam
459 861 544 914 vero
565 839 673 954 ipsam
692 817 912 916 Palaeslinam
936 805 1170 938 explicamus,
1198 840 1287 912 Da-

145 947 147 954 “
189 963 505 1014 exromanum
533 938 683 1035 regionis
711 938 841 1011 mentio
866 937 1046 1012 inferenda
1071 938 1130 1024 est,
1158 943 1289 1036 quae'u
1346 977 1347 980 ¹

139 1029 341 1126 'mommo
374 1037 588 1135 oppidorum
626 1038 841 1122 nominatur,
871 1040 906 1108 in
944 1062 1019 1134 quo
1056 1062 1125 1111 non
1165 1060 1308 1120 omnes,

187 1137 309 1212 cadem
334 1137 529 1210 observant.
588 1135 671 1208 Pars
696 1134 834 1208 illarum
860 1134 1061 1229 Coelesyriae
1086 1138 1199 1232 vulgo
1224 1137 1287 1208 ad·

187 1233 358 1321 scribitur,
393 1259 471 1330 pars
500 1237 541 1308 in
571 1233 698 1306 linibus
731 1231 778 1305 est
813 1249 913 1306 terrae
939 1234 1145 1308 Israeliticae.
1198 1234 1289 1307 Sunt

67 1377 78 1394 κ
188 1354 304 1408 autem
344 1335 471 1406 ethnici
504 1329 593 1428 juris
631 1330 801 1414 civitates,
829 1331 874 1403 ab
903 1331 1113 1424 Judaeorum
1149 1310 1288 1417 ritibus,

187 1434 351 1530 quamvis
378 1434 413 1506 in
442 1431 584 1504 illorum
611 1430 737 1502 finibus
763 1450 872 1513 erant,
911 1429 1083 1502 alienarae.
1149 1429 1349 1504 Plinius·.

187 1533 394 1624 Damascum,
431 1529 642 1624 Raphonam,
677 1528 829 1602 Philadel
824 1527 990 1623 phium,
982 1554 1016 1600 rn
1049 1527 1144 1624 Syria
1178 1531 1290 1602 modo

188 1632 398 1714 nominatas,
423 1633 460 1700 in
486 1629 552 1702 hoc
575 1651 722 1701 numero
740 1629 863 1722 ponit·
894 1646 1057 1720 praeterea
1075 1629 1288 1721 scythopolim
1347 1707 1349 1716 Α

188 1731 374 1812 Gaesarem,
409 1729 596 1842 Hipponem,
632 1727 780 1811 Dionem,
812 1728 859 1797 Pe
859 1725 949 1806 l,lam
980 1727 1144 1819 Gerasam,
1176 1728 1289 1798 Cana·

188 1826 292 1898 tham.
344 1828 433 1898 Sunt
459 1827 528 1932 qui
544 1848 609 1924 pro
631 1825 748 1920 aliqua
767 1823 991 1907 obscurarum
1012 1827 1186 1920 Cesaream
1205 1826 1292 1896 Phr·-

187 1925 280 2020 lippi,
307 1917 540 2007 nobiliorem,
568 1942 629 1996 aut
655 1923 789 2016 Caphar
807 1923 967 2006 Zamach
995 1925 1048 1994 vel
1078 1925 1157 1996 alias
1186 1945 1291 2018 aeque
1348 1985 1349 1988 ,

189 2023 362 2120 ignobiles
392 2021 613 2096 substituunt.
667 2021 787 2094 Nos
779 2045 813 2094 m
845 2022 904 2094 sua
936 2044 1114 2118 quamque
1147 2025 1291 2118 regione

101 2171 105 2188 .
190 2125 416 2195 memoraturi
443 2121 575 2211 sumus,
602 2119 687 2194 licut
712 2122 801 2194 de'‘
781 2143 834 2208 trs,
860 2144 943 2218 quae
968 2123 1012 2195 ad
1038 2123 1170 2217 Syriam
1200 2121 1289 2194 rese·

189 2241 328 2303 cuntur,
356 2221 517 2294 fecimus.
1321 2271 1327 2292 .

241 2317 609 2410 GALILAEAJ0
612 2316 715 2412 sepho
741 2318 872 2414 duplex
900 2317 1004 2404 est,
986 2353 1096 2403 nara,
1125 2322 1290 2414 Superior,

191 2418 341 2494 &ri'
295 2449 394 2499 uum,
420 2416 574 2508 Inferior,
630 2418 830 2488 Sueuxtort
860 2417 1214 2509 septentrionalisest,
1251 2419 1322 2492 ὅτΙ

191 2515 385 2586 Phoeniciae
418 2513 545 2595 vicina,
581 2513 763 2586 continens
796 2514 893 2586 illam
929 2515 1101 2586 Canaanis
1139 2537 1290 2613 partem,

191 2634 273 2709 quae
291 2612 367 2684 Gal
363 2613 429 2684 laea
441 2627 586 2706 genuum
604 2631 759 2695 vocatur,
787 2612 824 2684 δι
841 2629 968 2688 terram
985 2610 1138 2698 chabul,
1151 2615 1291 2688 aSolo·

192 2735 298 2798 mone
326 2713 519 2804 Tyriorum
555 2712 627 2807 regi
661 2711 867 2795 concessam,
904 2713 941 2784 δι
975 2736 1057 2809 quae
1090 2715 1134 2784 ab
1168 2714 1292 2812 Evan-

191 2793 312 2904 gelista
348 2829 601 2896 memorantur,
636 2807 715 2901 Tyri
749 2835 788 2882 oc
822 2811 987 2882 Sidonr‘s'l
957 2847 1044 2903 apra.
1097 2803 1193 2907 Ipse
1208 2813 1292 2886 sons

191 2907 354 3002 Jordanis
376 2909 506 2982 Paneas
531 2907 599 2981 five
626 2909 750 2981 Penius
777 2910 845 2982 huc
873 2907 1032 3004 pertinet,
1052 2907 1292 3007 juxtaquem

190 3009 336 3101 Cesarea
373 3008 520 3118 Philippi
558 3009 740 3080 tetrarchae
766 3007 887 3103 posita,
918 3033 1128 3123 cognomen,
1165 3028 1295 3102 praeter

191 3107 398 3233 conditoris,
425 3109 529 3178 etiam
540 3107 710 3184 Paneadrs
728 3108 863 3188 habuit
886 3125 959 3192 aut,
985 3106 1094 3180 srcut
1089 3132 1126 3179 tn
1141 3132 1293 3181 nummo

191 3203 291 3276 esi
274 3206 331 3276 nni
361 3206 475 3299 nonasp
500 3204 562 3295 sub
597 3205 718 3288 Panae,
755 3223 886 3276 monte
957 3207 1103 3280 Flumen
1132 3208 1294 3298 Jordanar

24 3295 32 3310 “
68 3301 71 3318 ’
192 3305 287 3375 enim
311 3323 392 3379 cum
411 3277 582 3388 lacubus,
614 3327 703 3400 quos
730 3301 825 3386 facit,
861 3301 1029 3378 terminus
1056 3303 1216 3376 Galilaeae
1245 3305 1293 3378 ab

193 3401 321 3476 oriente
343 3401 404 3488 est,
432 3402 517 3474 srcut
542 3403 586 3474 ab
610 3400 731 3473 occasu
757 3425 851 3472 mare
874 3427 1058 3500 magnum,
1085 3425 1294 3519 quanquam

63 3507 65 3512 ’
106 3508 111 3527 “
192 3522 367 3573 maritima
382 3501 619 3596 plerumque
611 3524 644 3569 m
666 3499 891 3584 Phoenicum
912 3505 1103 3598 Tyriorum
1124 3506 1294 3588 maxime,

68 3605 99 3660 U
121 3677 141 3694 ι
190 3599 356 3698 poteslate
381 3601 531 3670 luerunt.
586 3595 756 3685 Latitudo
784 3619 901 3672 autem
913 3601 1107 3697 superioris
1130 3602 1317 3686 Galilaeae·

191 3723 212 3768 a
231 3701 422 3791 Tyriorum
445 3719 531 3791 agro
548 3695 591 3767 ad
611 3694 803 3787 Bersabens
802 3701 866 3784 uit,
885 3723 999 3796 quam
1019 3699 1194 3796 Josephus
1216 3724 1294 3773 me.-

191 3796 316 3870 elram
309 3813 402 3870 mter
415 3817 599 3892 utrumque
618 3795 802 3868 Galrlaeam
827 3799 1030 3872 constituit.
1067 3799 1247 3892 Jordanis,
1274 3823 1296 3870 a
1349 3829 1350 3834 ¹

81 3948 96 3992 1-
190 3895 288 3968 sonte
311 3897 353 3968 ad
380 3896 493 3966 lacum
513 3895 824 3969 Semachonitidem'
814 3901 960 3984 enarrer,
983 3917 1122 3992 parvus,
1151 3895 1293 3982 dietus,
1337 3943 1341 3950 -

190 4017 211 4068 a
237 3997 313 4069 lacu
341 3993 472 4068 nullior
498 3993 660 4091 prodiens
687 3995 729 4066 ad
757 3995 878 4080 alium,
899 4021 955 4068 cur
945 3997 1134 4093 Genesara
1154 3995 1210 4069 vel
1229 3996 1294 4068 Ge·

87 4122 91 4125 -
189 4095 335 4187 ῃψινεώ
354 4116 482 4166 nomen
499 4091 559 4179 est,
587 4093 680 4176 reolo
696 4094 796 4164 cursu
816 4050 1010 4198 defertur.

240 4193 384 4286 Oppida
407 4193 587 4287 superioris
611 4191 789 4275 Galilaeae,
812 4195 891 4266 Dan
919 4191 1087 4270 terminus
1111 4191 1294 4268 Paleslinae

84 4303 91 4306 ’·
190 4290 234 4362 ad
259 4289 537 4382 septentrionem,
563 4313 645 4388 quae
663 4292 744 4361 vel'
737 4313 772 4386 tp
776 4290 951 4369 saPuneas
970 4294 1033 4380 est,
1051 4293 1127 4388 posi
1145 4293 1294 4385 Cesarea

84 4436 87 4448 ·
190 4387 295 4476 dista,
313 4409 351 4468 ut
368 4389 588 4488 Hieronymo
604 4389 762 4464 videtur·
753 4441 765 4479 ,
793 4391 848 4470 vel
844 4415 1008 4496 prope
990 4393 1137 4510 eundem
1130 4391 1290 4587 plqfita:

1212 4511 1294 4587 azar
