<?xml version="1.0" encoding="UTF-8"?>
<!DOCTYPE html PUBLIC "-//W3C//DTD XHTML 1.0 Transitional//EN"
    "http://www.w3.org/TR/xhtml1/DTD/xhtml1-transitional.dtd">
<html xmlns="http://www.w3.org/1999/xhtml" xml:lang="en" lang="en">
 <head>
  <title>
</title>
<meta http-equiv="Content-Type" content="text/html;charset=utf-8" />
  <meta name='ocr-system' content='tesseract 3.04.00' />
  <meta name='ocr-capabilities' content='ocr_page ocr_carea ocr_par ocr_line ocrx_word'/>
</head>
<body>
  <div class='ocr_page' id='page_1' title='image "./christophoricel00cellgoog_0144.png"; bbox 0 0 2702 4738; ppageno 0'>
   <div class='ocr_carea' id='block_1_1' title="bbox 1 264 1044 437">
    <p class='ocr_par' dir='ltr' id='par_1_1' title="bbox 1 264 1163 437">
     <span class='ocr_line' id='line_1_1' title="bbox 1 264 1044 437; baseline 0.003 -40"><span class='ocrx_word' id='word_1_1' title='bbox 1 316 82 355; x_wconf 91' lang='lat'>··</span> <span class='ocrx_word' id='word_1_2' title='bbox 190 315 313 437; x_wconf 62' lang='grc' dir='ltr'>φ,</span> <span class='ocrx_word' id='word_1_3' title='bbox 464 264 1044 400; x_wconf 43' lang='lat' dir='ltr'>nascer-erro</span> 
     </span>
    </p>
   </div>
   <div class='ocr_carea' id='block_1_2' title="bbox 13 454 1350 4608">
    <p class='ocr_par' dir='ltr' id='par_1_2' title="bbox 13 454 1350 4608">
     <span class='ocr_line' id='line_1_2' title="bbox 213 454 1315 564; baseline 0.001 -25"><span class='ocrx_word' id='word_1_4' title='bbox 213 489 323 564; x_wconf 83' lang='lat' dir='ltr'>eaque</span> <span class='ocrx_word' id='word_1_5' title='bbox 339 460 495 560; x_wconf 83' lang='lat' dir='ltr'>gemina,</span> <span class='ocrx_word' id='word_1_6' title='bbox 515 463 654 558; x_wconf 80' lang='lat' dir='ltr'>portus,</span> <span class='ocrx_word' id='word_1_7' title='bbox 681 458 719 531; x_wconf 81' lang='grc' dir='ltr'>ὅτ</span> <span class='ocrx_word' id='word_1_8' title='bbox 743 461 914 536; x_wconf 73' lang='lat' dir='ltr'>tedustinr</span> <span class='ocrx_word' id='word_1_9' title='bbox 932 464 1010 539; x_wconf 84' lang='lat' dir='ltr'>inde</span> <span class='ocrx_word' id='word_1_10' title='bbox 1037 463 1170 556; x_wconf 81' lang='lat' dir='ltr'>civitae,</span> <span class='ocrx_word' id='word_1_11' title='bbox 1198 454 1315 560; x_wconf 62' lang='lat' dir='ltr'>&#39;synel</span> 
     </span>
     <span class='ocr_line' id='line_1_3' title="bbox 210 559 1313 659; baseline 0 -20"><span class='ocrx_word' id='word_1_12' title='bbox 210 567 281 640; x_wconf 81' lang='lat' dir='ltr'>&#39;dtii</span> <span class='ocrx_word' id='word_1_13' title='bbox 311 559 503 659; x_wconf 88' lang='lat' dir='ltr'>aliquando</span> <span class='ocrx_word' id='word_1_14' title='bbox 541 560 649 647; x_wconf 80' lang='lat' dir='ltr'>sedes:</span> <span class='ocrx_word' id='word_1_15' title='bbox 694 559 730 631; x_wconf 76' lang='grc' dir='ltr'>δι</span> <span class='ocrx_word' id='word_1_16' title='bbox 774 561 948 634; x_wconf 87' lang='lat' dir='ltr'>interiores</span> <span class='ocrx_word' id='word_1_17' title='bbox 995 563 1119 656; x_wconf 86' lang='lat' dir='ltr'><em>Lydda,</em></span> <span class='ocrx_word' id='word_1_18' title='bbox 1163 565 1313 658; x_wconf 80' lang='lat' dir='ltr'>Judaeis</span> 
     </span>
     <span class='ocr_line' id='line_1_4' title="bbox 108 659 1349 764; baseline 0.002 -31"><span class='ocrx_word' id='word_1_19' title='bbox 108 707 114 714; x_wconf 94' lang='lat'><em>-</em></span> <span class='ocrx_word' id='word_1_20' title='bbox 213 663 304 750; x_wconf 85' lang='lat' dir='ltr'>Lud,</span> <span class='ocrx_word' id='word_1_21' title='bbox 332 659 448 756; x_wconf 76' lang='lat' dir='ltr'>postea</span> <span class='ocrx_word' id='word_1_22' title='bbox 470 659 629 754; x_wconf 82' lang='lat' dir='ltr'><em>Diospolis</em></span> <span class='ocrx_word' id='word_1_23' title='bbox 647 679 796 743; x_wconf 86' lang='lat' dir='ltr'>voeata;</span> <span class='ocrx_word' id='word_1_24' title='bbox 832 660 870 732; x_wconf 70' lang='lat' dir='ltr'>a</span> <span class='ocrx_word' id='word_1_25' title='bbox 892 661 1029 764; x_wconf 75' lang='lat' dir='ltr'>llerloa&#39;r,</span> <span class='ocrx_word' id='word_1_26' title='bbox 1059 663 1191 734; x_wconf 81' lang='lat' dir='ltr'>Gtaeeis</span> <span class='ocrx_word' id='word_1_27' title='bbox 1225 667 1313 736; x_wconf 82' lang='lat' dir='ltr'>Bit·</span> <span class='ocrx_word' id='word_1_28' title='bbox 1344 671 1349 680; x_wconf 70' lang='lat'>‘</span> 
     </span>
     <span class='ocr_line' id='line_1_5' title="bbox 214 758 1314 846; baseline 0 -12"><span class='ocrx_word' id='word_1_29' title='bbox 214 777 278 846; x_wconf 81' lang='lat' dir='ltr'>rer,</span> <span class='ocrx_word' id='word_1_30' title='bbox 305 758 569 832; x_wconf 84' lang='lat' dir='ltr'>Pseudomeffiae</span> <span class='ocrx_word' id='word_1_31' title='bbox 598 759 668 830; x_wconf 83' lang='lat' dir='ltr'>Bon</span> <span class='ocrx_word' id='word_1_32' title='bbox 693 759 827 831; x_wconf 86' lang='lat' dir='ltr'>Cozbae</span> <span class='ocrx_word' id='word_1_33' title='bbox 854 764 1126 845; x_wconf 73' lang='lat' dir='ltr'>munimentum,</span> <span class='ocrx_word' id='word_1_34' title='bbox 1155 762 1198 831; x_wconf 92' lang='lat' dir='ltr'>ab</span> <span class='ocrx_word' id='word_1_35' title='bbox 1226 764 1314 834; x_wconf 88' lang='lat' dir='ltr'>Ro-</span> 
     </span>
     <span class='ocr_line' id='line_1_6' title="bbox 214 848 1339 957; baseline 0 -25"><span class='ocrx_word' id='word_1_36' title='bbox 214 860 327 933; x_wconf 80' lang='lat' dir='ltr'>inanis</span> <span class='ocrx_word' id='word_1_37' title='bbox 360 876 504 954; x_wconf 87' lang='lat' dir='ltr'>captum</span> <span class='ocrx_word' id='word_1_38' title='bbox 535 857 787 953; x_wconf 77' lang='lat' dir='ltr'>deletumque:</span> <span class='ocrx_word' id='word_1_39' title='bbox 830 859 937 940; x_wconf 82' lang='lat' dir='ltr'><em>Gezer</em></span> <span class='ocrx_word' id='word_1_40' title='bbox 963 860 1030 932; x_wconf 83' lang='lat' dir='ltr'>five</span> <span class='ocrx_word' id='word_1_41' title='bbox 1057 861 1190 931; x_wconf 76' lang='lat' dir='ltr'>Gazara</span> <span class='ocrx_word' id='word_1_42' title='bbox 1226 848 1339 957; x_wconf 62' lang='lat' dir='ltr'>post*</span> 
     </span>
     <span class='ocr_line' id='line_1_7' title="bbox 78 949 1316 1078; baseline -0.002 -46"><span class='ocrx_word' id='word_1_43' title='bbox 78 949 84 958; x_wconf 78' lang='grc'><strong>’</strong></span> <span class='ocrx_word' id='word_1_44' title='bbox 213 960 320 1053; x_wconf 80' lang='lat' dir='ltr'>etiem</span> <span class='ocrx_word' id='word_1_45' title='bbox 351 957 520 1056; x_wconf 83' lang='lat' dir='ltr'>Syrorum</span> <span class='ocrx_word' id='word_1_46' title='bbox 546 955 694 1052; x_wconf 69' lang='lat' dir='ltr'>dialedio</span> <span class='ocrx_word' id='word_1_47' title='bbox 721 957 931 1078; x_wconf 66' lang='lat' dir='ltr'>Gadprasin</span> <span class='ocrx_word' id='word_1_48' title='bbox 951 961 1177 1031; x_wconf 72' lang='lat' dir='ltr'>Samaritana</span> <span class='ocrx_word' id='word_1_49' title='bbox 1202 958 1316 1063; x_wconf 87' lang='lat' dir='ltr'>colli·</span> 
     </span>
     <span class='ocr_line' id='line_1_8' title="bbox 214 1075 334 1130; baseline -0.017 0"><span class='ocrx_word' id='word_1_50' title='bbox 214 1075 334 1130; x_wconf 74' lang='lat' dir='ltr'>mello.</span> 
     </span>
     <span class='ocr_line' id='line_1_9' title="bbox 264 1153 1315 1248; baseline 0 -20"><span class='ocrx_word' id='word_1_51' title='bbox 264 1154 436 1228; x_wconf 84' lang='lat' dir='ltr'>Australis</span> <span class='ocrx_word' id='word_1_52' title='bbox 455 1153 622 1227; x_wconf 86' lang='lat' dir='ltr'>terminus</span> <span class='ocrx_word' id='word_1_53' title='bbox 647 1153 752 1246; x_wconf 88' lang='lat' dir='ltr'>Judae</span> <span class='ocrx_word' id='word_1_54' title='bbox 769 1153 961 1248; x_wconf 87' lang='lat' dir='ltr'>antiquitus</span> <span class='ocrx_word' id='word_1_55' title='bbox 983 1153 1049 1227; x_wconf 86' lang='lat' dir='ltr'>fuit</span> <span class='ocrx_word' id='word_1_56' title='bbox 1066 1155 1216 1248; x_wconf 76' lang='lat' dir='ltr'>Bersabe,</span> <span class='ocrx_word' id='word_1_57' title='bbox 1246 1157 1315 1228; x_wconf 89' lang='lat' dir='ltr'>cui</span> 
     </span>
     <span class='ocr_line' id='line_1_10' title="bbox 215 1249 1312 1348; baseline -0.002 -20"><span class='ocrx_word' id='word_1_58' title='bbox 215 1253 346 1328; x_wconf 85' lang='lat' dir='ltr'>Gerara</span> <span class='ocrx_word' id='word_1_59' title='bbox 359 1252 403 1325; x_wconf 89' lang='lat' dir='ltr'>ab</span> <span class='ocrx_word' id='word_1_60' title='bbox 415 1274 492 1326; x_wconf 90' lang='lat' dir='ltr'>ortu</span> <span class='ocrx_word' id='word_1_61' title='bbox 507 1249 698 1348; x_wconf 82' lang='lat' dir='ltr'>adjacebat,</span> <span class='ocrx_word' id='word_1_62' title='bbox 718 1251 816 1346; x_wconf 86' lang='lat' dir='ltr'>supra</span> <span class='ocrx_word' id='word_1_63' title='bbox 828 1249 1053 1342; x_wconf 78' lang='lat' dir='ltr'>Cadesbarneae</span> <span class='ocrx_word' id='word_1_64' title='bbox 1063 1253 1312 1344; x_wconf 80' lang='lat' dir='ltr'>solitudinem:</span> 
     </span>
     <span class='ocr_line' id='line_1_11' title="bbox 84 1349 1313 1448; baseline 0.002 -24"><span class='ocrx_word' id='word_1_65' title='bbox 84 1403 88 1407; x_wconf 88' lang='lat'><em>-</em></span> <span class='ocrx_word' id='word_1_66' title='bbox 214 1372 276 1427; x_wconf 85' lang='lat' dir='ltr'>aut</span> <span class='ocrx_word' id='word_1_67' title='bbox 294 1351 416 1436; x_wconf 86' lang='lat' dir='ltr'>Sichor,</span> <span class='ocrx_word' id='word_1_68' title='bbox 444 1349 542 1424; x_wconf 86' lang='lat' dir='ltr'>sacris</span> <span class='ocrx_word' id='word_1_69' title='bbox 562 1350 666 1422; x_wconf 88' lang='lat' dir='ltr'>literis</span> <span class='ocrx_word' id='word_1_70' title='bbox 683 1349 966 1444; x_wconf 84' lang='lat' dir='ltr'>AEgyptifluvr&#39;us,</span> <span class='ocrx_word' id='word_1_71' title='bbox 994 1352 1084 1424; x_wconf 87' lang='lat' dir='ltr'>ultra</span> <span class='ocrx_word' id='word_1_72' title='bbox 1102 1355 1313 1448; x_wconf 86' lang='lat' dir='ltr'>Rapbeam,</span> 
     </span>
     <span class='ocr_line' id='line_1_12' title="bbox 165 1445 1348 1550; baseline 0.001 -28"><span class='ocrx_word' id='word_1_73' title='bbox 165 1471 172 1484; x_wconf 56' lang='lat'><em>¹</em></span> <span class='ocrx_word' id='word_1_74' title='bbox 209 1449 581 1548; x_wconf 85' lang='lat' dir='ltr'>juxtaRhinocoluram</span> <span class='ocrx_word' id='word_1_75' title='bbox 596 1450 630 1519; x_wconf 90' lang='lat' dir='ltr'>in</span> <span class='ocrx_word' id='word_1_76' title='bbox 649 1472 742 1521; x_wconf 85' lang='lat' dir='ltr'>mare</span> <span class='ocrx_word' id='word_1_77' title='bbox 756 1445 951 1521; x_wconf 83' lang='lat' dir='ltr'>decurrens.</span> <span class='ocrx_word' id='word_1_78' title='bbox 980 1449 1028 1520; x_wconf 85' lang='lat' dir='ltr'>Et</span> <span class='ocrx_word' id='word_1_79' title='bbox 1047 1452 1121 1522; x_wconf 82' lang='lat' dir='ltr'>liaee</span> <span class='ocrx_word' id='word_1_80' title='bbox 1140 1457 1180 1521; x_wconf 89' lang='lat' dir='ltr'>ad</span> <span class='ocrx_word' id='word_1_81' title='bbox 1209 1476 1316 1524; x_wconf 86' lang='lat' dir='ltr'>mate</span> <span class='ocrx_word' id='word_1_82' title='bbox 1345 1541 1348 1550; x_wconf 31' lang='grc' dir='ltr'>Ι</span> 
     </span>
     <span class='ocr_line' id='line_1_13' title="bbox 207 1544 1317 1648; baseline 0.004 -26"><span class='ocrx_word' id='word_1_83' title='bbox 207 1551 444 1647; x_wconf 52' lang='lat' dir='ltr'>,AEgyptium</span> <span class='ocrx_word' id='word_1_84' title='bbox 460 1550 576 1648; x_wconf 87' lang='lat' dir='ltr'>portio</span> <span class='ocrx_word' id='word_1_85' title='bbox 592 1544 663 1618; x_wconf 85' lang='lat' dir='ltr'>fere</span> <span class='ocrx_word' id='word_1_86' title='bbox 682 1547 790 1619; x_wconf 89' lang='lat' dir='ltr'>tribus</span> <span class='ocrx_word' id='word_1_87' title='bbox 805 1548 997 1620; x_wconf 82' lang='lat' dir='ltr'>Simeonis:</span> <span class='ocrx_word' id='word_1_88' title='bbox 1025 1573 1066 1620; x_wconf 87' lang='lat' dir='ltr'>ex</span> <span class='ocrx_word' id='word_1_89' title='bbox 1085 1552 1189 1622; x_wconf 84' lang='lat' dir='ltr'>altera</span> <span class='ocrx_word' id='word_1_90' title='bbox 1210 1571 1317 1644; x_wconf 75' lang='lat' dir='ltr'>parte</span> 
     </span>
     <span class='ocr_line' id='line_1_14' title="bbox 91 1639 1316 1741; baseline 0 -21"><span class='ocrx_word' id='word_1_91' title='bbox 91 1639 97 1653; x_wconf 87' lang='grc'>’</span> <span class='ocrx_word' id='word_1_92' title='bbox 216 1649 261 1720; x_wconf 81' lang='lat' dir='ltr'>ad</span> <span class='ocrx_word' id='word_1_93' title='bbox 292 1649 459 1720; x_wconf 83' lang='lat' dir='ltr'>Martum</span> <span class='ocrx_word' id='word_1_94' title='bbox 488 1670 582 1717; x_wconf 85' lang='lat' dir='ltr'>mare</span> <span class='ocrx_word' id='word_1_95' title='bbox 611 1649 702 1718; x_wconf 88' lang='lat' dir='ltr'>Zoor</span> <span class='ocrx_word' id='word_1_96' title='bbox 729 1647 827 1718; x_wconf 91' lang='lat' dir='ltr'>limes</span> <span class='ocrx_word' id='word_1_97' title='bbox 852 1644 933 1732; x_wconf 85' lang='lat' dir='ltr'>fuit,</span> <span class='ocrx_word' id='word_1_98' title='bbox 974 1645 1135 1741; x_wconf 87' lang='lat' dir='ltr'>superstes</span> <span class='ocrx_word' id='word_1_99' title='bbox 1163 1648 1234 1720; x_wconf 88' lang='lat' dir='ltr'>sola</span> <span class='ocrx_word' id='word_1_100' title='bbox 1265 1672 1316 1722; x_wconf 87' lang='lat' dir='ltr'>ex</span> 
     </span>
     <span class='ocr_line' id='line_1_15' title="bbox 216 1744 1346 1840; baseline -0.003 -24"><span class='ocrx_word' id='word_1_101' title='bbox 216 1745 401 1840; x_wconf 80' lang='lat' dir='ltr'>Pentapoli</span> <span class='ocrx_word' id='word_1_102' title='bbox 428 1744 600 1837; x_wconf 86' lang='lat' dir='ltr'>Jurdanis.</span> <span class='ocrx_word' id='word_1_103' title='bbox 658 1747 753 1816; x_wconf 86' lang='lat' dir='ltr'>Nam</span> <span class='ocrx_word' id='word_1_104' title='bbox 785 1749 944 1840; x_wconf 88' lang='lat' dir='ltr'>proxima</span> <span class='ocrx_word' id='word_1_105' title='bbox 976 1745 1054 1818; x_wconf 89' lang='lat' dir='ltr'>huic</span> <span class='ocrx_word' id='word_1_106' title='bbox 1081 1747 1225 1832; x_wconf 81' lang='lat' dir='ltr'>Sodoma,</span> <span class='ocrx_word' id='word_1_107' title='bbox 1273 1745 1346 1821; x_wconf 60' lang='lat' dir='ltr'>&amp;st</span> 
     </span>
     <span class='ocr_line' id='line_1_16' title="bbox 207 1839 1339 1940; baseline 0.006 -26"><span class='ocrx_word' id='word_1_108' title='bbox 207 1841 318 1940; x_wconf 86' lang='lat' dir='ltr'>supra</span> <span class='ocrx_word' id='word_1_109' title='bbox 341 1867 419 1915; x_wconf 85' lang='lat' dir='ltr'>eam</span> <span class='ocrx_word' id='word_1_110' title='bbox 448 1839 641 1926; x_wconf 77' lang='lat' dir='ltr'>Gomorrha,</span> <span class='ocrx_word' id='word_1_111' title='bbox 667 1843 815 1928; x_wconf 78' lang='lat' dir='ltr'>Adama,</span> <span class='ocrx_word' id='word_1_112' title='bbox 838 1844 966 1916; x_wconf 85' lang='lat' dir='ltr'>Zeboim</span> <span class='ocrx_word' id='word_1_113' title='bbox 990 1848 1339 1921; x_wconf 83' lang='lat' dir='ltr'>amoenilstmorum.</span> 
     </span>
     <span class='ocr_line' id='line_1_17' title="bbox 130 1942 1316 2038; baseline 0.003 -24"><span class='ocrx_word' id='word_1_114' title='bbox 130 1991 133 1996; x_wconf 93' lang='lat'>-</span> <span class='ocrx_word' id='word_1_115' title='bbox 158 1997 168 2038; x_wconf 90' lang='lat'>·.</span> <span class='ocrx_word' id='word_1_116' title='bbox 216 1943 392 2014; x_wconf 85' lang='lat' dir='ltr'>moenium</span> <span class='ocrx_word' id='word_1_117' title='bbox 411 1942 448 2014; x_wconf 75' lang='grc' dir='ltr'>δι</span> <span class='ocrx_word' id='word_1_118' title='bbox 466 1965 673 2038; x_wconf 87' lang='lat' dir='ltr'>camporum</span> <span class='ocrx_word' id='word_1_119' title='bbox 688 1942 769 2014; x_wconf 88' lang='lat' dir='ltr'>loco</span> <span class='ocrx_word' id='word_1_120' title='bbox 781 1942 1043 2023; x_wconf 73' lang='lat' dir='ltr'>bituminosum&#39;</span> <span class='ocrx_word' id='word_1_121' title='bbox 1059 1947 1172 2016; x_wconf 87' lang='lat' dir='ltr'>laeum</span> <span class='ocrx_word' id='word_1_122' title='bbox 1189 1945 1316 2018; x_wconf 89' lang='lat' dir='ltr'>osten·</span> 
     </span>
     <span class='ocr_line' id='line_1_18' title="bbox 215 2039 1319 2140; baseline 0.005 -28"><span class='ocrx_word' id='word_1_123' title='bbox 215 2039 319 2126; x_wconf 86' lang='lat' dir='ltr'>dunt,</span> <span class='ocrx_word' id='word_1_124' title='bbox 347 2065 456 2138; x_wconf 74' lang='lat' dir='ltr'>aquo</span> <span class='ocrx_word' id='word_1_125' title='bbox 474 2041 637 2140; x_wconf 65' lang='lat' dir='ltr'>lordonis</span> <span class='ocrx_word' id='word_1_126' title='bbox 656 2042 767 2114; x_wconf 89' lang='lat' dir='ltr'>amnis</span> <span class='ocrx_word' id='word_1_127' title='bbox 786 2041 997 2124; x_wconf 80' lang='lat' dir='ltr'>absorbetur.</span> <span class='ocrx_word' id='word_1_128' title='bbox 1036 2043 1158 2116; x_wconf 84' lang='lat' dir='ltr'>Medio</span> <span class='ocrx_word' id='word_1_129' title='bbox 1178 2045 1319 2133; x_wconf 67' lang='lat' dir='ltr'>traftti,¹</span> 
     </span>
     <span class='ocr_line' id='line_1_19' title="bbox 216 2141 1316 2239; baseline 0.005 -28"><span class='ocrx_word' id='word_1_130' title='bbox 216 2160 277 2212; x_wconf 83' lang='lat' dir='ltr'>aut</span> <span class='ocrx_word' id='word_1_131' title='bbox 305 2141 421 2238; x_wconf 87' lang='lat' dir='ltr'>potius</span> <span class='ocrx_word' id='word_1_132' title='bbox 449 2144 483 2212; x_wconf 92' lang='lat' dir='ltr'>in</span> <span class='ocrx_word' id='word_1_133' title='bbox 515 2160 631 2212; x_wconf 93' lang='lat' dir='ltr'>ortum</span> <span class='ocrx_word' id='word_1_134' title='bbox 658 2143 771 2238; x_wconf 83' lang='lat' dir='ltr'>magis</span> <span class='ocrx_word' id='word_1_135' title='bbox 797 2147 838 2214; x_wconf 88' lang='lat' dir='ltr'>ad</span> <span class='ocrx_word' id='word_1_136' title='bbox 866 2141 1096 2236; x_wconf 84' lang='lat' dir='ltr'>Asphaltitem</span> <span class='ocrx_word' id='word_1_137' title='bbox 1125 2151 1316 2239; x_wconf 85' lang='lat' dir='ltr'>vergente,</span> 
     </span>
     <span class='ocr_line' id='line_1_20' title="bbox 56 2241 1318 2326; baseline 0.005 -17"><span class='ocrx_word' id='word_1_138' title='bbox 56 2263 88 2306; x_wconf 59' lang='grc' dir='ltr'><em>ρ</em></span> <span class='ocrx_word' id='word_1_139' title='bbox 126 2307 137 2312; x_wconf 77' lang='grc'><strong><em>,</em></strong></span> <span class='ocrx_word' id='word_1_140' title='bbox 216 2243 465 2323; x_wconf 67' lang='lat' dir='ltr'>montesacro,</span> <span class='ocrx_word' id='word_1_141' title='bbox 505 2259 601 2310; x_wconf 87' lang='lat' dir='ltr'>etant</span> <span class='ocrx_word' id='word_1_142' title='bbox 631 2257 732 2309; x_wconf 84' lang='lat' dir='ltr'>vetut</span> <span class='ocrx_word' id='word_1_143' title='bbox 763 2241 989 2311; x_wconf 84' lang='lat' dir='ltr'>Edomitaro&#39;om</span> <span class='ocrx_word' id='word_1_144' title='bbox 1017 2242 1197 2326; x_wconf 82' lang='lat' dir='ltr'>habitatin,</span> <span class='ocrx_word' id='word_1_145' title='bbox 1239 2241 1318 2316; x_wconf 81' lang='lat' dir='ltr'>seve</span> 
     </span>
     <span class='ocr_line' id='line_1_21' title="bbox 146 2325 1350 2430; baseline 0.007 -25"><span class='ocrx_word' id='word_1_146' title='bbox 146 2333 150 2337; x_wconf 71' lang='grc'><em>’</em></span> <span class='ocrx_word' id='word_1_147' title='bbox 216 2335 233 2406; x_wconf 91' lang='lat' dir='ltr'>l</span> <span class='ocrx_word' id='word_1_148' title='bbox 248 2359 459 2420; x_wconf 68' lang='lat' dir='ltr'>nuntiae,</span> <span class='ocrx_word' id='word_1_149' title='bbox 487 2336 669 2406; x_wconf 86' lang='lat' dir='ltr'>montuosa</span> <span class='ocrx_word' id='word_1_150' title='bbox 694 2338 804 2430; x_wconf 85' lang='lat' dir='ltr'>regio,</span> <span class='ocrx_word' id='word_1_151' title='bbox 832 2325 991 2428; x_wconf 84' lang='lat' dir='ltr'>Judaicae</span> <span class='ocrx_word' id='word_1_152' title='bbox 1017 2339 1157 2412; x_wconf 85' lang='lat' dir='ltr'>ditionis</span> <span class='ocrx_word' id='word_1_153' title='bbox 1182 2341 1267 2412; x_wconf 90' lang='lat' dir='ltr'>inde</span> <span class='ocrx_word' id='word_1_154' title='bbox 1297 2362 1350 2422; x_wconf 61' lang='lat' dir='ltr'>a]</span> 
     </span>
     <span class='ocr_line' id='line_1_22' title="bbox 13 2431 1318 2528; baseline 0.006 -26"><span class='ocrx_word' id='word_1_155' title='bbox 13 2445 19 2453; x_wconf 88' lang='lat'>&#39;</span> <span class='ocrx_word' id='word_1_156' title='bbox 90 2513 94 2522; x_wconf 50' lang='lat'>.</span> <span class='ocrx_word' id='word_1_157' title='bbox 199 2433 363 2504; x_wconf 83' lang='lat' dir='ltr'>‘Davidis</span> <span class='ocrx_word' id='word_1_158' title='bbox 382 2433 599 2528; x_wconf 81' lang='lat' dir='ltr'>temporibus</span> <span class='ocrx_word' id='word_1_159' title='bbox 617 2431 720 2505; x_wconf 72' lang='lat' dir='ltr'>fodio.</span> <span class='ocrx_word' id='word_1_160' title='bbox 748 2431 893 2528; x_wconf 87' lang='lat' dir='ltr'>Oppida</span> <span class='ocrx_word' id='word_1_161' title='bbox 910 2456 1005 2506; x_wconf 88' lang='lat' dir='ltr'>erant</span> <span class='ocrx_word' id='word_1_162' title='bbox 1024 2439 1155 2524; x_wconf 84' lang='lat' dir='ltr'>Dama,</span> <span class='ocrx_word' id='word_1_163' title='bbox 1174 2439 1318 2526; x_wconf 85' lang='lat' dir='ltr'>Dedan,</span> 
     </span>
     <span class='ocr_line' id='line_1_23' title="bbox 216 2531 1331 2628; baseline 0.003 -25"><span class='ocrx_word' id='word_1_164' title='bbox 216 2531 345 2616; x_wconf 88' lang='lat' dir='ltr'>Bozra,</span> <span class='ocrx_word' id='word_1_165' title='bbox 374 2531 411 2603; x_wconf 76' lang='grc' dir='ltr'>ὅτ</span> <span class='ocrx_word' id='word_1_166' title='bbox 430 2531 528 2624; x_wconf 81' lang='lat' dir='ltr'><em>Elusa</em></span> <span class='ocrx_word' id='word_1_167' title='bbox 545 2533 725 2626; x_wconf 86' lang='lat' dir='ltr'>quondam</span> <span class='ocrx_word' id='word_1_168' title='bbox 740 2531 884 2618; x_wconf 78' lang='lat' dir='ltr'>Veneris</span> <span class='ocrx_word' id='word_1_169' title='bbox 903 2535 1036 2628; x_wconf 87' lang='lat' dir='ltr'>templo</span> <span class='ocrx_word' id='word_1_170' title='bbox 1052 2537 1163 2608; x_wconf 84' lang='lat' dir='ltr'>clara:</span> <span class='ocrx_word' id='word_1_171' title='bbox 1182 2531 1226 2608; x_wconf 63' lang='lat' dir='ltr'>&#39;be</span> <span class='ocrx_word' id='word_1_172' title='bbox 1243 2541 1331 2611; x_wconf 72' lang='lat' dir='ltr'>alia.</span> 
     </span>
     <span class='ocr_line' id='line_1_24' title="bbox 216 2628 1318 2728; baseline 0.006 -26"><span class='ocrx_word' id='word_1_173' title='bbox 216 2629 436 2726; x_wconf 84' lang='lat' dir='ltr'>ignobiliora.</span> <span class='ocrx_word' id='word_1_174' title='bbox 467 2628 798 2726; x_wconf 80' lang='lat' dir='ltr'>Latius&#39;postmodo</span> <span class='ocrx_word' id='word_1_175' title='bbox 813 2631 878 2703; x_wconf 86' lang='lat' dir='ltr'>hoc</span> <span class='ocrx_word' id='word_1_176' title='bbox 894 2655 1020 2704; x_wconf 84' lang='lat' dir='ltr'>nomen</span> <span class='ocrx_word' id='word_1_177' title='bbox 1041 2633 1159 2728; x_wconf 81' lang='lat' dir='ltr'>repsit,</span> <span class='ocrx_word' id='word_1_178' title='bbox 1181 2635 1220 2706; x_wconf 78' lang='grc' dir='ltr'>ὅτ</span> <span class='ocrx_word' id='word_1_179' title='bbox 1238 2659 1318 2710; x_wconf 88' lang='lat' dir='ltr'>non</span> 
     </span>
     <span class='ocr_line' id='line_1_25' title="bbox 191 2727 1320 2826; baseline 0.009 -27"><span class='ocrx_word' id='word_1_180' title='bbox 191 2791 192 2799; x_wconf 71' lang='grc'>,</span> <span class='ocrx_word' id='word_1_181' title='bbox 214 2727 327 2802; x_wconf 85' lang='lat' dir='ltr'>solum</span> <span class='ocrx_word' id='word_1_182' title='bbox 348 2727 567 2818; x_wconf 80' lang='lat' dir='ltr'>Simeonitis‘,</span> <span class='ocrx_word' id='word_1_183' title='bbox 590 2727 650 2802; x_wconf 85' lang='lat' dir='ltr'>led</span> <span class='ocrx_word' id='word_1_184' title='bbox 663 2727 779 2804; x_wconf 89' lang='lat' dir='ltr'>omnis</span> <span class='ocrx_word' id='word_1_185' title='bbox 795 2728 865 2803; x_wconf 88' lang='lat' dir='ltr'>sere</span> <span class='ocrx_word' id='word_1_186' title='bbox 885 2729 1204 2826; x_wconf 83' lang='lat' dir='ltr'>australiorJudaea</span> <span class='ocrx_word' id='word_1_187' title='bbox 1220 2737 1320 2810; x_wconf 85' lang='lat' dir='ltr'>intra</span> 
     </span>
     <span class='ocr_line' id='line_1_26' title="bbox 180 2827 1180 2912; baseline 0.01 -18"><span class='ocrx_word' id='word_1_188' title='bbox 180 2827 519 2911; x_wconf 83' lang='lat' dir='ltr'>.Idumaeamiuit.</span> <span class='ocrx_word' id='word_1_189' title='bbox 887 2835 891 2853; x_wconf 79' lang='lat'><em>&#39;</em></span> <span class='ocrx_word' id='word_1_190' title='bbox 968 2859 1002 2903; x_wconf 64' lang='grc' dir='ltr'>η</span> <span class='ocrx_word' id='word_1_191' title='bbox 1044 2903 1062 2912; x_wconf 18' lang='grc' dir='ltr'>κ,</span> <span class='ocrx_word' id='word_1_192' title='bbox 1105 2861 1106 2864; x_wconf 54' lang='grc'><em>“</em></span> <span class='ocrx_word' id='word_1_193' title='bbox 1177 2854 1180 2862; x_wconf 78' lang='grc'>’</span> 
     </span>
     <span class='ocr_line' id='line_1_27' title="bbox 267 2924 1322 3026; baseline 0.009 -28"><span class='ocrx_word' id='word_1_194' title='bbox 267 2926 385 3012; x_wconf 86' lang='lat' dir='ltr'>PER</span> <span class='ocrx_word' id='word_1_195' title='bbox 399 2929 447 3000; x_wconf 82' lang='lat' dir='ltr'><strong>AE</strong></span> <span class='ocrx_word' id='word_1_196' title='bbox 461 2930 509 3014; x_wconf 87' lang='lat' dir='ltr'>A&#39;,</span> <span class='ocrx_word' id='word_1_197' title='bbox 538 2927 776 3024; x_wconf 75' lang='lat' dir='ltr'>transjutdina</span> <span class='ocrx_word' id='word_1_198' title='bbox 797 2928 926 3002; x_wconf 81' lang='lat' dir='ltr'>Israelis</span> <span class='ocrx_word' id='word_1_199' title='bbox 945 2924 1109 3026; x_wconf 82' lang='lat' dir='ltr'>posselsm,</span> <span class='ocrx_word' id='word_1_200' title='bbox 1136 2931 1322 3008; x_wconf 85' lang='lat' dir='ltr'>dividitur</span> 
     </span>
     <span class='ocr_line' id='line_1_28' title="bbox 215 3024 1322 3124; baseline 0.002 -28"><span class='ocrx_word' id='word_1_201' title='bbox 215 3024 251 3096; x_wconf 89' lang='lat' dir='ltr'>in</span> <span class='ocrx_word' id='word_1_202' title='bbox 274 3025 429 3097; x_wconf 85' lang='lat' dir='ltr'>Peraeam</span> <span class='ocrx_word' id='word_1_203' title='bbox 448 3030 639 3124; x_wconf 83' lang='lat' dir='ltr'>propriam,</span> <span class='ocrx_word' id='word_1_204' title='bbox 669 3031 870 3115; x_wconf 86' lang='lat' dir='ltr'>Bataneam,</span> <span class='ocrx_word' id='word_1_205' title='bbox 900 3029 1202 3116; x_wconf 85' lang='lat' dir='ltr'>Trachonitidem,</span> <span class='ocrx_word' id='word_1_206' title='bbox 1230 3035 1322 3106; x_wconf 82' lang='lat' dir='ltr'>Au.</span> 
     </span>
     <span class='ocr_line' id='line_1_29' title="bbox 215 3123 1076 3220; baseline 0.012 -25"><span class='ocrx_word' id='word_1_207' title='bbox 215 3123 693 3220; x_wconf 82' lang='lat' dir='ltr'>tanitidemfi&#39;veltutaeum.</span> <span class='ocrx_word' id='word_1_208' title='bbox 741 3193 743 3198; x_wconf 71' lang='grc'>,</span> <span class='ocrx_word' id='word_1_209' title='bbox 884 3179 888 3182; x_wconf 91' lang='grc'>-</span> <span class='ocrx_word' id='word_1_210' title='bbox 922 3201 927 3208; x_wconf 80' lang='grc'>,</span> <span class='ocrx_word' id='word_1_211' title='bbox 1071 3152 1076 3159; x_wconf 83' lang='grc'><em>·</em></span> 
     </span>
     <span class='ocr_line' id='line_1_30' title="bbox 27 3221 1323 3324; baseline 0.012 -32"><span class='ocrx_word' id='word_1_212' title='bbox 27 3313 32 3320; x_wconf 25' lang='grc' dir='ltr'>ι</span> <span class='ocrx_word' id='word_1_213' title='bbox 160 3273 169 3285; x_wconf 79' lang='grc'><strong>-</strong></span> <span class='ocrx_word' id='word_1_214' title='bbox 263 3221 419 3295; x_wconf 69' lang='lat' dir='ltr'>Panae</span> <span class='ocrx_word' id='word_1_215' title='bbox 446 3225 650 3310; x_wconf 79' lang='lat' dir='ltr'>Puoeutn,</span> <span class='ocrx_word' id='word_1_216' title='bbox 672 3224 939 3307; x_wconf 79' lang='lat' dir='ltr'>Amoritharum</span> <span class='ocrx_word' id='word_1_217' title='bbox 966 3229 1073 3324; x_wconf 82' lang='lat' dir='ltr'>tegio,</span> <span class='ocrx_word' id='word_1_218' title='bbox 1101 3229 1135 3308; x_wconf 85' lang='lat' dir='ltr'>in</span> <span class='ocrx_word' id='word_1_219' title='bbox 1154 3228 1323 3311; x_wconf 82' lang='lat' dir='ltr'>austrum</span> 
     </span>
     <span class='ocr_line' id='line_1_31' title="bbox 84 3321 1325 3425; baseline 0.01 -34"><span class='ocrx_word' id='word_1_220' title='bbox 84 3341 85 3344; x_wconf 72' lang='grc'>’</span> <span class='ocrx_word' id='word_1_221' title='bbox 169 3325 172 3328; x_wconf 79' lang='grc'><strong>’</strong></span> <span class='ocrx_word' id='word_1_222' title='bbox 213 3321 329 3416; x_wconf 80' lang='lat' dir='ltr'>&#39;vergit</span> <span class='ocrx_word' id='word_1_223' title='bbox 358 3323 435 3396; x_wconf 85' lang='lat' dir='ltr'>lacu</span> <span class='ocrx_word' id='word_1_224' title='bbox 467 3323 674 3396; x_wconf 83' lang='lat' dir='ltr'>Genesareth</span> <span class='ocrx_word' id='word_1_225' title='bbox 708 3326 763 3396; x_wconf 78' lang='lat' dir='ltr'>ad·</span> <span class='ocrx_word' id='word_1_226' title='bbox 786 3324 933 3421; x_wconf 86' lang='lat' dir='ltr'>fluvium</span> <span class='ocrx_word' id='word_1_227' title='bbox 964 3334 1133 3410; x_wconf 80' lang='lat' dir='ltr'>Aaronom,</span> <span class='ocrx_word' id='word_1_228' title='bbox 1172 3330 1250 3425; x_wconf 48' lang='lat' dir='ltr'>qui*</span> <span class='ocrx_word' id='word_1_229' title='bbox 1275 3355 1325 3404; x_wconf 84' lang='lat' dir='ltr'>ex</span> 
     </span>
     <span class='ocr_line' id='line_1_32' title="bbox 211 3420 1323 3521; baseline 0.008 -29"><span class='ocrx_word' id='word_1_230' title='bbox 211 3420 397 3493; x_wconf 83' lang='lat' dir='ltr'>Moabitide</span> <span class='ocrx_word' id='word_1_231' title='bbox 412 3422 569 3518; x_wconf 81' lang='lat' dir='ltr'>delapsus&#39;</span> <span class='ocrx_word' id='word_1_232' title='bbox 586 3423 775 3495; x_wconf 85' lang='lat' dir='ltr'>effunditur</span> <span class='ocrx_word' id='word_1_233' title='bbox 790 3421 825 3493; x_wconf 90' lang='lat' dir='ltr'>in</span> <span class='ocrx_word' id='word_1_234' title='bbox 845 3423 959 3516; x_wconf 87' lang='lat' dir='ltr'>lacum</span> <span class='ocrx_word' id='word_1_235' title='bbox 982 3424 1209 3521; x_wconf 86' lang='lat' dir='ltr'>Asphaltiten.</span> <span class='ocrx_word' id='word_1_236' title='bbox 1277 3431 1323 3502; x_wconf 89' lang='lat' dir='ltr'>In</span> 
     </span>
     <span class='ocr_line' id='line_1_33' title="bbox 94 3520 1325 3616; baseline 0.01 -29"><span class='ocrx_word' id='word_1_237' title='bbox 94 3573 101 3578; x_wconf 89' lang='lat'>.</span> <span class='ocrx_word' id='word_1_238' title='bbox 210 3536 365 3591; x_wconf 87' lang='lat' dir='ltr'>extrema</span> <span class='ocrx_word' id='word_1_239' title='bbox 387 3539 482 3616; x_wconf 87' lang='lat' dir='ltr'>parte</span> <span class='ocrx_word' id='word_1_240' title='bbox 510 3523 688 3592; x_wconf 88' lang='lat' dir='ltr'>meridiem</span> <span class='ocrx_word' id='word_1_241' title='bbox 718 3520 980 3596; x_wconf 78' lang='lat' dir='ltr'>vers&#39;trscastella</span> <span class='ocrx_word' id='word_1_242' title='bbox 997 3544 1106 3609; x_wconf 89' lang='lat' dir='ltr'>erant,</span> <span class='ocrx_word' id='word_1_243' title='bbox 1133 3523 1325 3599; x_wconf 79' lang='lat' dir='ltr'>Herodiano</span> 
     </span>
     <span class='ocr_line' id='line_1_34' title="bbox 205 3617 1326 3716; baseline 0.012 -30"><span class='ocrx_word' id='word_1_244' title='bbox 205 3619 257 3686; x_wconf 76' lang='lat' dir='ltr'>&#39;ab</span> <span class='ocrx_word' id='word_1_245' title='bbox 274 3619 417 3690; x_wconf 82' lang='lat' dir='ltr'>Herode</span> <span class='ocrx_word' id='word_1_246' title='bbox 438 3641 567 3716; x_wconf 87' lang='lat' dir='ltr'>magno</span> <span class='ocrx_word' id='word_1_247' title='bbox 587 3617 813 3704; x_wconf 69' lang='lat' dir='ltr'>erstrudlum,</span> <span class='ocrx_word' id='word_1_248' title='bbox 840 3620 995 3693; x_wconf 75' lang='lat' dir='ltr'>dtreentis</span> <span class='ocrx_word' id='word_1_249' title='bbox 1014 3623 1058 3694; x_wconf 87' lang='lat' dir='ltr'>ab</span> <span class='ocrx_word' id='word_1_250' title='bbox 1081 3619 1326 3699; x_wconf 81' lang='lat' dir='ltr'>Hiericbuttte</span> 
     </span>
     <span class='ocr_line' id='line_1_35' title="bbox 213 3711 1328 3816; baseline 0.007 -30"><span class='ocrx_word' id='word_1_251' title='bbox 213 3713 342 3800; x_wconf 82' lang='lat' dir='ltr'>stadiis,</span> <span class='ocrx_word' id='word_1_252' title='bbox 361 3711 464 3810; x_wconf 89' lang='lat' dir='ltr'>juxta</span> <span class='ocrx_word' id='word_1_253' title='bbox 493 3717 590 3814; x_wconf 90' lang='lat' dir='ltr'>quod</span> <span class='ocrx_word' id='word_1_254' title='bbox 619 3719 723 3790; x_wconf 88' lang='lat' dir='ltr'>etiam</span> <span class='ocrx_word' id='word_1_255' title='bbox 759 3719 910 3816; x_wconf 83' lang='lat' dir='ltr'>sepultus</span> <span class='ocrx_word' id='word_1_256' title='bbox 934 3719 1027 3806; x_wconf 71' lang='lat' dir='ltr'>suit:</span> <span class='ocrx_word' id='word_1_257' title='bbox 1052 3721 1091 3792; x_wconf 88' lang='lat'>&amp;.</span> <span class='ocrx_word' id='word_1_258' title='bbox 1120 3721 1328 3810; x_wconf 79' lang='lat' dir='ltr'>Macherus,</span> 
     </span>
     <span class='ocr_line' id='line_1_36' title="bbox 213 3811 1327 3916; baseline 0.011 -32"><span class='ocrx_word' id='word_1_259' title='bbox 213 3813 378 3912; x_wconf 82' lang='lat' dir='ltr'>Baptistae</span> <span class='ocrx_word' id='word_1_260' title='bbox 404 3811 561 3889; x_wconf 80' lang='lat' dir='ltr'>vinculis&#39;</span> <span class='ocrx_word' id='word_1_261' title='bbox 576 3815 613 3888; x_wconf 76' lang='grc' dir='ltr'>ὅτ</span> <span class='ocrx_word' id='word_1_262' title='bbox 636 3816 813 3915; x_wconf 82' lang='lat' dir='ltr'>sanguine,</span> <span class='ocrx_word' id='word_1_263' title='bbox 840 3818 1001 3916; x_wconf 85' lang='lat' dir='ltr'>utvol&#39;go</span> <span class='ocrx_word' id='word_1_264' title='bbox 1018 3820 1181 3904; x_wconf 87' lang='lat' dir='ltr'>ereditur,</span> <span class='ocrx_word' id='word_1_265' title='bbox 1211 3824 1327 3896; x_wconf 89' lang='lat' dir='ltr'>nobi·</span> 
     </span>
     <span class='ocr_line' id='line_1_37' title="bbox 213 3912 1333 4016; baseline 0.013 -35"><span class='ocrx_word' id='word_1_266' title='bbox 213 3912 279 4004; x_wconf 81' lang='lat' dir='ltr'>lius</span> <span class='ocrx_word' id='word_1_267' title='bbox 328 3913 473 4009; x_wconf 73' lang='lat' dir='ltr'>sedium.</span> <span class='ocrx_word' id='word_1_268' title='bbox 552 3917 600 3988; x_wconf 89' lang='lat' dir='ltr'>Et</span> <span class='ocrx_word' id='word_1_269' title='bbox 656 3915 841 3992; x_wconf 88' lang='lat' dir='ltr'>vetustiora</span> <span class='ocrx_word' id='word_1_270' title='bbox 882 3919 1139 3992; x_wconf 88' lang='lat' dir='ltr'>Rubenitatum</span> <span class='ocrx_word' id='word_1_271' title='bbox 1182 3921 1333 4016; x_wconf 86' lang='lat' dir='ltr'>oppida</span> 
     </span>
     <span class='ocr_line' id='line_1_38' title="bbox 214 4011 1331 4116; baseline 0.012 -35"><span class='ocrx_word' id='word_1_272' title='bbox 214 4011 350 4098; x_wconf 84' lang='lat' dir='ltr'>Emorh,</span> <span class='ocrx_word' id='word_1_273' title='bbox 379 4014 562 4106; x_wconf 73' lang='lat' dir='ltr'>Bosrostve</span> <span class='ocrx_word' id='word_1_274' title='bbox 587 4015 697 4109; x_wconf 89' lang='lat' dir='ltr'>Bosor,</span> <span class='ocrx_word' id='word_1_275' title='bbox 725 4015 842 4089; x_wconf 80' lang='lat' dir='ltr'>Naba·</span> <span class='ocrx_word' id='word_1_276' title='bbox 879 4011 959 4090; x_wconf 88' lang='lat' dir='ltr'>Nec</span> <span class='ocrx_word' id='word_1_277' title='bbox 990 4017 1127 4112; x_wconf 83' lang='lat' dir='ltr'>longius</span> <span class='ocrx_word' id='word_1_278' title='bbox 1150 4013 1331 4116; x_wconf 57' lang='lat' dir='ltr'>vident&#39;u&#39;r</span> 
     </span>
     <span class='ocr_line' id='line_1_39' title="bbox 18 4109 1332 4212; baseline 0.012 -34"><span class='ocrx_word' id='word_1_279' title='bbox 18 4191 21 4200; x_wconf 73' lang='lat'>.</span> <span class='ocrx_word' id='word_1_280' title='bbox 115 4114 117 4121; x_wconf 81' lang='grc'>’</span> <span class='ocrx_word' id='word_1_281' title='bbox 214 4109 357 4190; x_wconf 79' lang='lat' dir='ltr'>abluisse</span> <span class='ocrx_word' id='word_1_282' title='bbox 385 4115 541 4186; x_wconf 77' lang='lat' dir='ltr'>Solim‘&amp;</span> <span class='ocrx_word' id='word_1_283' title='bbox 556 4118 684 4199; x_wconf 71' lang='lat' dir='ltr'>AEnorr,</span> <span class='ocrx_word' id='word_1_284' title='bbox 707 4117 784 4187; x_wconf 89' lang='lat' dir='ltr'>loca</span> <span class='ocrx_word' id='word_1_285' title='bbox 810 4117 1198 4212; x_wconf 83' lang='lat' dir='ltr'>baptilstmateJoannis</span> <span class='ocrx_word' id='word_1_286' title='bbox 1226 4121 1332 4194; x_wconf 86' lang='lat' dir='ltr'>eele-</span> 
     </span>
     <span class='ocr_line' id='line_1_40' title="bbox 214 4205 1333 4312; baseline 0.016 -38"><span class='ocrx_word' id='word_1_287' title='bbox 214 4205 324 4290; x_wconf 78' lang='lat' dir='ltr'>brata,</span> <span class='ocrx_word' id='word_1_288' title='bbox 352 4231 392 4281; x_wconf 92' lang='lat' dir='ltr'>ut</span> <span class='ocrx_word' id='word_1_289' title='bbox 409 4235 450 4285; x_wconf 87' lang='lat' dir='ltr'>ex</span> <span class='ocrx_word' id='word_1_290' title='bbox 470 4211 571 4312; x_wconf 89' lang='lat' dir='ltr'>hujus</span> <span class='ocrx_word' id='word_1_291' title='bbox 585 4221 667 4286; x_wconf 82' lang='lat' dir='ltr'>cum</span> <span class='ocrx_word' id='word_1_292' title='bbox 688 4213 832 4284; x_wconf 89' lang='lat' dir='ltr'>Herode</span> <span class='ocrx_word' id='word_1_293' title='bbox 854 4213 1088 4288; x_wconf 81' lang='lat' dir='ltr'>familiaritate</span> <span class='ocrx_word' id='word_1_294' title='bbox 1103 4211 1333 4308; x_wconf 75' lang='lat' dir='ltr'>eonjicitur.</span> 
     </span>
     <span class='ocr_line' id='line_1_41' title="bbox 214 4299 1331 4410; baseline 0.014 -36"><span class='ocrx_word' id='word_1_295' title='bbox 214 4299 403 4398; x_wconf 71' lang='lat' dir='ltr'>Bethabara</span> <span class='ocrx_word' id='word_1_296' title='bbox 414 4315 530 4384; x_wconf 79' lang='lat' dir='ltr'>autem</span> <span class='ocrx_word' id='word_1_297' title='bbox 542 4312 709 4407; x_wconf 82' lang='lat' dir='ltr'>&amp;ipsein</span> <span class='ocrx_word' id='word_1_298' title='bbox 728 4311 846 4382; x_wconf 86' lang='lat' dir='ltr'>Peraea</span> <span class='ocrx_word' id='word_1_299' title='bbox 860 4311 936 4399; x_wconf 79' lang='lat' dir='ltr'>suit,</span> <span class='ocrx_word' id='word_1_300' title='bbox 950 4313 1005 4386; x_wconf 87' lang='lat' dir='ltr'>sed</span> <span class='ocrx_word' id='word_1_301' title='bbox 1020 4313 1116 4410; x_wconf 84' lang='lat' dir='ltr'>quod</span> <span class='ocrx_word' id='word_1_302' title='bbox 1131 4311 1331 4390; x_wconf 76' lang='lat' dir='ltr'>transitum</span> 
     </span>
     <span class='ocr_line' id='line_1_42' title="bbox 196 4405 1332 4582; baseline 0.046 -144"><span class='ocrx_word' id='word_1_303' title='bbox 196 4421 326 4490; x_wconf 68' lang='lat' dir='ltr'>¹notat,</span> <span class='ocrx_word' id='word_1_304' title='bbox 365 4405 420 4506; x_wconf 55' lang='lat' dir='ltr'>ad⁸</span> <span class='ocrx_word' id='word_1_305' title='bbox 435 4407 618 4500; x_wconf 90' lang='lat' dir='ltr'>publicum</span> <span class='ocrx_word' id='word_1_306' title='bbox 644 4410 796 4510; x_wconf 85' lang='lat' dir='ltr'>aliquem</span> <span class='ocrx_word' id='word_1_307' title='bbox 831 4411 993 4504; x_wconf 86' lang='lat' dir='ltr'>Jordanis</span> <span class='ocrx_word' id='word_1_308' title='bbox 1020 4411 1248 4582; x_wconf 53' lang='lat' dir='ltr'>trajediumfs,</span> <span class='ocrx_word' id='word_1_309' title='bbox 1265 4415 1332 4490; x_wconf 86' lang='lat' dir='ltr'>vel</span> 
     </span>
     <span class='ocr_line' id='line_1_43' title="bbox 408 4535 1335 4608; baseline 0.015 -32"><span class='ocrx_word' id='word_1_310' title='bbox 408 4549 410 4553; x_wconf 89' lang='lat'><em>·</em></span> <span class='ocrx_word' id='word_1_311' title='bbox 961 4582 975 4592; x_wconf 84' lang='lat'>..</span> <span class='ocrx_word' id='word_1_312' title='bbox 1080 4590 1088 4594; x_wconf 42' lang='grc'><strong>,</strong></span> <span class='ocrx_word' id='word_1_313' title='bbox 1196 4593 1203 4598; x_wconf 20' lang='grc' dir='ltr'>ἱ</span> <span class='ocrx_word' id='word_1_314' title='bbox 1238 4535 1335 4608; x_wconf 50' lang='lat' dir='ltr'>selis</span> 
     </span>
    </p>
   </div>
   <div class='ocr_carea' id='block_1_3' title="bbox 0 0 1360 4738">
    <p class='ocr_par' dir='ltr' id='par_1_3' title="bbox 0 0 1360 4738">
     <span class='ocr_line' id='line_1_44' title="bbox 0 0 1360 4738; baseline 0 0"><span class='ocrx_word' id='word_1_315' title='bbox 0 0 1360 4738; x_wconf 95' lang='lat' dir='ltr'> </span> 
     </span>
    </p>
   </div>
  </div>
 </body>
</html>
